@article{li2024differentiable,
  title={Differentiable cosmological simulation with the adjoint method},
  author={Li, Yin and Modi, Chirag and Jamieson, Drew and Zhang, Yucheng and Lu, Libin and Feng, Yu and Lanusse, Fran{\c{c}}ois and Greengard, Leslie},
  journal={The Astrophysical Journal Supplement Series},
  volume={270},
  number={2},
  pages={36},
  year={2024},
  publisher={IOP Publishing}
}

@book{pletcher2012computational,
  title={Computational fluid mechanics and heat transfer},
  author={Pletcher, Richard H and Tannehill, John C and Anderson, Dale},
  year={2012},
  publisher={CRC press}
}

@book{nussbaumer1982fast,
  title={The fast Fourier transform},
  author={Nussbaumer, Henri J and Nussbaumer, Henri J},
  year={1982},
  publisher={Springer}
}

@software{jax2018github,
  author = {James Bradbury and Roy Frostig and Peter Hawkins and Matthew James Johnson and Chris Leary and Dougal Maclaurin and George Necula and Adam Paszke and Jake Vander{P}las and Skye Wanderman-{M}ilne and Qiao Zhang},
  title = {{JAX}: composable transformations of {P}ython+{N}um{P}y programs},
  url = {http://github.com/google/jax},
  version = {0.3.13},
  year = {2018},
}

@software{dion_hafner_2021_5607491,
  author       = {Dion HÃ¤fner and
                  Dan Moldovan},
  title        = {dionhaefner/pyhpc-benchmarks: v3.0},
  month        = oct,
  year         = 2021,
  publisher    = {Zenodo},
  version      = {v3.0},
  doi          = {10.5281/zenodo.5607491},
  url          = {https://doi.org/10.5281/zenodo.5607491}
}

@software{deepmind2020jax,
  title = {The {D}eep{M}ind {JAX} {E}cosystem},
  author = {DeepMind and Babuschkin, Igor and Baumli, Kate and Bell, Alison and Bhupatiraju, Surya and Bruce, Jake and Buchlovsky, Peter and Budden, David and Cai, Trevor and Clark, Aidan and Danihelka, Ivo and Dedieu, Antoine and Fantacci, Claudio and Godwin, Jonathan and Jones, Chris and Hemsley, Ross and Hennigan, Tom and Hessel, Matteo and Hou, Shaobo and Kapturowski, Steven and Keck, Thomas and Kemaev, Iurii and King, Michael and Kunesch, Markus and Martens, Lena and Merzic, Hamza and Mikulik, Vladimir and Norman, Tamara and Papamakarios, George and Quan, John and Ring, Roman and Ruiz, Francisco and Sanchez, Alvaro and Sartran, Laurent and Schneider, Rosalia and Sezener, Eren and Spencer, Stephen and Srinivasan, Srivatsan and Stanojevi\'{c}, Milo\v{s} and Stokowiec, Wojciech and Wang, Luyu and Zhou, Guangyao and Viola, Fabio},
  url = {http://github.com/google-deepmind},
  year = {2020},
}

@article{kingma2014adam,
  title={Adam: A method for stochastic optimization},
  author={Kingma, Diederik P},
  journal={arXiv preprint arXiv:1412.6980},
  year={2014}
}

@article{kidger2021equinox,
    author={Patrick Kidger and Cristian Garcia},
    title={{E}quinox: neural networks in {JAX} via callable {P}y{T}rees and filtered transformations},
    year={2021},
    journal={Differentiable Programming workshop at Neural Information Processing Systems 2021}
}

@software{flax2020github,
  author = {Jonathan Heek and Anselm Levskaya and Avital Oliver and Marvin Ritter and Bertrand Rondepierre and Andreas Steiner and Marc van {Z}ee},
  title = {{F}lax: A neural network library and ecosystem for {JAX}},
  url = {http://github.com/google/flax},
  version = {0.9.0},
  year = {2024},
}

@article{potter2017pkdgrav3,
  title={PKDGRAV3: beyond trillion particle cosmological simulations for the next era of galaxy surveys},
  author={Potter, Douglas and Stadel, Joachim and Teyssier, Romain},
  journal={Computational Astrophysics and Cosmology},
  volume={4},
  number={1},
  pages={2},
  year={2017},
  publisher={Springer}
}

@article{bouchet1994perturbative,
  title={Perturbative Lagrangian approach to gravitational instability},
  author={Bouchet, FR and Colombi, S and Hivon, E and Juszkiewicz, R},
  journal={arXiv preprint astro-ph/9406013},
  year={1994}
}

@article{thuerey2021physics,
  title={Physics-based deep learning},
  author={Thuerey, Nils and Holl, Philipp and Mueller, Maximilian and Schnell, Patrick and Trost, Felix and Um, Kiwon},
  journal={arXiv preprint arXiv:2109.05237},
  year={2021}
}

@article{carroll2001cosmological,
  title={The cosmological constant},
  author={Carroll, Sean M},
  journal={Living reviews in relativity},
  volume={4},
  number={1},
  pages={1--56},
  year={2001},
  publisher={Springer}
}

@article{bottou2007tradeoffs,
  title={The tradeoffs of large scale learning},
  author={Bottou, L{\'e}on and Bousquet, Olivier},
  journal={Advances in neural information processing systems},
  volume={20},
  year={2007}
}

@book{carroll2017introduction,
  title={An introduction to modern astrophysics},
  author={Carroll, Bradley W and Ostlie, Dale A},
  year={2017},
  publisher={Cambridge University Press}
}

@article{demmel1996solving,
  title={Solving the discrete Poisson equation using Jacobi, SOR, Conjugate Gradients, and the FFT},
  author={Demmel, Jim},
  journal={Retrieved from Lecture Notes Online Website: http://www. eecs. berkeley. edu/\~{} demmel/cs267/lecture24/lecture24. html},
  year={1996}
}

@book{ray2024deep,
  title={DEEP LEARNING AND COMPUTATIONAL PHYSICS.},
  author={RAY, DEEP PINTI and Pinti, Orazio and Oberai, Assad A},
  year={2024},
  publisher={Springer}
}

@book{bars2010extra,
  title={Extra dimensions in space and time},
  author={Bars, Itzhak and Terning, John and Nekoogar, Farzad},
  volume={66},
  year={2010},
  publisher={Springer}
}

@book{carroll2007dark,
  title={Dark Matter, Dark Energy: The Dark Side of the Universe. Parts 1 \& 2},
  author={Carroll, Sean M},
  year={2007},
  publisher={Teaching Company}
}

@article{cui2008ideal,
  title={An ideal mass assignment scheme for measuring the power spectrum with fast fourier transforms},
  author={Cui, Weiguang and Liu, Lei and Yang, Xiaohu and Wang, Yu and Feng, Longlong and Springel, Volker},
  journal={The Astrophysical Journal},
  volume={687},
  number={2},
  pages={738},
  year={2008},
  publisher={IOP Publishing}
}

@inproceedings{ronneberger2015u,
  title={U-net: Convolutional networks for biomedical image segmentation},
  author={Ronneberger, Olaf and Fischer, Philipp and Brox, Thomas},
  booktitle={Medical image computing and computer-assisted intervention--MICCAI 2015: 18th international conference, Munich, Germany, October 5-9, 2015, proceedings, part III 18},
  pages={234--241},
  year={2015},
  organization={Springer}
}

@book{schutz2003gravity,
  title={Gravity from the ground up: An introductory guide to gravity and general relativity},
  author={Schutz, Bernard},
  year={2003},
  publisher={Cambridge university press}
}

@book{peebles1980large,
  title={The large-scale structure of the universe},
  author={Peebles, Phillip James Edwin},
  volume={96},
  year={1980},
  publisher={Princeton university press}
}

@article{bertschinger1995cosmics,
  title={COSMICS: cosmological initial conditions and microwave anisotropy codes},
  author={Bertschinger, Edmund},
  journal={arXiv preprint astro-ph/9506070},
  year={1995}
}

@inproceedings{michalowska2024neural,
  title={Neural operator learning for long-time integration in dynamical systems with recurrent neural networks},
  author={Micha{\l}owska, Katarzyna and Goswami, Somdatta and Karniadakis, George Em and Riemer-S{\o}rensen, Signe},
  booktitle={2024 International Joint Conference on Neural Networks (IJCNN)},
  pages={1--8},
  year={2024},
  organization={IEEE}
}

@article{lecun1998gradient,
  title={Gradient-based learning applied to document recognition},
  author={LeCun, Yann and Bottou, L{\'e}on and Bengio, Yoshua and Haffner, Patrick},
  journal={Proceedings of the IEEE},
  volume={86},
  number={11},
  pages={2278--2324},
  year={1998},
  publisher={Ieee}
}

@article{krizhevsky2012imagenet,
  title={Imagenet classification with deep convolutional neural networks},
  author={Krizhevsky, Alex and Sutskever, Ilya and Hinton, Geoffrey E},
  journal={Advances in neural information processing systems},
  volume={25},
  year={2012}
}

@article{mcgreivy2024weak,
  title={Weak baselines and reporting biases lead to overoptimism in machine learning for fluid-related partial differential equations},
  author={McGreivy, Nick and Hakim, Ammar},
  journal={arXiv preprint arXiv:2407.07218},
  year={2024}
}

@article{li2020fourier,
  title={Fourier neural operator for parametric partial differential equations},
  author={Li, Zongyi and Kovachki, Nikola and Azizzadenesheli, Kamyar and Liu, Burigede and Bhattacharya, Kaushik and Stuart, Andrew and Anandkumar, Anima},
  journal={arXiv preprint arXiv:2010.08895},
  year={2020}
}

@article{jiang2023mistral,
  title={Mistral 7B},
  author={Jiang, Albert Q and Sablayrolles, Alexandre and Mensch, Arthur and Bamford, Chris and Chaplot, Devendra Singh and Casas, Diego de las and Bressand, Florian and Lengyel, Gianna and Lample, Guillaume and Saulnier, Lucile and others},
  journal={arXiv preprint arXiv:2310.06825},
  year={2023}
}

@book{mccormick1987multigrid,
  title={Multigrid methods},
  author={McCormick, Stephen F},
  year={1987},
  publisher={SIAM}
}

@article{wang2009minimal,
  title={Minimal repetition dynamic checkpointing algorithm for unsteady adjoint calculation},
  author={Wang, Qiqi and Moin, Parviz and Iaccarino, Gianluca},
  journal={SIAM Journal on Scientific Computing},
  volume={31},
  number={4},
  pages={2549--2567},
  year={2009},
  publisher={SIAM}
}

@article{barnes1986hierarchical,
  title={A hierarchical O (N log N) force-calculation algorithm},
  author={Barnes, Josh and Hut, Piet},
  journal={nature},
  volume={324},
  number={6096},
  pages={446--449},
  year={1986},
  publisher={Nature Publishing Group UK London}
}

@article{rokhlin1985rapid,
  title={Rapid solution of integral equations of classical potential theory},
  author={Rokhlin, Vladimir},
  journal={Journal of computational physics},
  volume={60},
  number={2},
  pages={187--207},
  year={1985},
  publisher={Elsevier}
}

@inproceedings{moses2021reverse,
  title={Reverse-mode automatic differentiation and optimization of GPU kernels via Enzyme},
  author={Moses, William S and Churavy, Valentin and Paehler, Ludger and H{\"u}ckelheim, Jan and Narayanan, Sri Hari Krishna and Schanen, Michel and Doerfert, Johannes},
  booktitle={Proceedings of the international conference for high performance computing, networking, storage and analysis},
  pages={1--16},
  year={2021}
}

@misc{pytestx.y,
  title =        {pytest x.y},
  author = {Krekel, Holger and Oliveira, Bruno and Pfannschmidt, Ronny and Bruynooghe, Floris and Laugher, Brianna and Bruhin, Florian},
  year =         {2004},
  url = {https://github.com/pytest-dev/pytest},
}

@article{bernardini2022ember,
  title={From EMBER to FIRE: predicting high resolution baryon fields from dark matter simulations with deep learning},
  author={Bernardini, Mauro and Feldmann, Robert and Angl{\'e}s-Alc{\'a}zar, Daniel and Boylan-Kolchin, Mike and Bullock, James and Mayer, Lucio and Stadel, Joachim},
  journal={Monthly Notices of the Royal Astronomical Society},
  volume={509},
  number={1},
  pages={1323--1341},
  year={2022},
  publisher={Oxford University Press}
}

@inproceedings{wigington2017data,
  title={Data augmentation for recognition of handwritten words and lines using a CNN-LSTM network},
  author={Wigington, Curtis and Stewart, Seth and Davis, Brian and Barrett, Bill and Price, Brian and Cohen, Scott},
  booktitle={2017 14th IAPR international conference on document analysis and recognition (ICDAR)},
  volume={1},
  pages={639--645},
  year={2017},
  organization={IEEE}
}

@article{asher2015review,
  title={A review of surrogate models and their application to groundwater modeling},
  author={Asher, Michael J and Croke, Barry FW and Jakeman, Anthony J and Peeters, Luk JM},
  journal={Water Resources Research},
  volume={51},
  number={8},
  pages={5957--5973},
  year={2015},
  publisher={Wiley Online Library}
}

@book{forrester2008engineering,
  title={Engineering design via surrogate modelling: a practical guide},
  author={Forrester, Alexander and Sobester, Andras and Keane, Andy},
  year={2008},
  publisher={John Wiley \& Sons}
}

@article{kadupitiya2020machine,
  title={Machine learning surrogates for molecular dynamics simulations of soft materials},
  author={Kadupitiya, JCS and Sun, Fanbo and Fox, Geoffrey and Jadhao, Vikram},
  journal={Journal of Computational Science},
  volume={42},
  pages={101107},
  year={2020},
  publisher={Elsevier}
}

@article{mack2007surrogate,
  title={Surrogate model-based optimization framework: a case study in aerospace design},
  author={Mack, Yolanda and Goel, Tushar and Shyy, Wei and Haftka, Raphael},
  journal={Evolutionary computation in dynamic and uncertain environments},
  pages={323--342},
  year={2007},
  publisher={Springer}
}

@article{patro2015normalization,
  title={Normalization: A preprocessing stage},
  author={Patro, S},
  journal={arXiv preprint arXiv:1503.06462},
  year={2015}
}

@article{hamilton2001formulae,
  title={Formulae for growth factors in expanding universes containing matter and a cosmological constant},
  author={Hamilton, AJS},
  journal={Monthly Notices of the Royal Astronomical Society},
  volume={322},
  number={2},
  pages={419--425},
  year={2001},
  publisher={Blackwell Science Ltd Oxford, UK}
}

@article{forrester2009recent,
  title={Recent advances in surrogate-based optimization},
  author={Forrester, Alexander IJ and Keane, Andy J},
  journal={Progress in aerospace sciences},
  volume={45},
  number={1-3},
  pages={50--79},
  year={2009},
  publisher={Elsevier}
}

@article{zhang2019gradient,
  title={Why gradient clipping accelerates training: A theoretical justification for adaptivity},
  author={Zhang, Jingzhao and He, Tianxing and Sra, Suvrit and Jadbabaie, Ali},
  journal={arXiv preprint arXiv:1905.11881},
  year={2019}
}

@article{nusser1992tracing,
  title={Tracing large-scale fluctuations back in time},
  author={Nusser, Adi and Dekel, Avishai},
  journal={Astrophysical Journal, Part 1 (ISSN 0004-637X), vol. 391, no. 2, June 1, 1992, p. 443-452. Research supported by USIBSF.},
  volume={391},
  pages={443--452},
  year={1992}
}

@article{jasche2013bayesian,
  title={Bayesian physical reconstruction of initial conditions from large-scale structure surveys},
  author={Jasche, Jens and Wandelt, Benjamin D},
  journal={Monthly Notices of the Royal Astronomical Society},
  volume={432},
  number={2},
  pages={894--913},
  year={2013},
  publisher={The Royal Astronomical Society}
}

@article{kitaura2013initial,
  title={The initial conditions of the Universe from constrained simulations},
  author={Kitaura, Francisco-Shu},
  journal={Monthly Notices of the Royal Astronomical Society: Letters},
  volume={429},
  number={1},
  pages={L84--L88},
  year={2013},
  publisher={Oxford University Press}
}

@article{pathak2022fourcastnet,
  title={Fourcastnet: A global data-driven high-resolution weather model using adaptive fourier neural operators},
  author={Pathak, Jaideep and Subramanian, Shashank and Harrington, Peter and Raja, Sanjeev and Chattopadhyay, Ashesh and Mardani, Morteza and Kurth, Thorsten and Hall, David and Li, Zongyi and Azizzadenesheli, Kamyar and others},
  journal={arXiv preprint arXiv:2202.11214},
  year={2022}
}

@inproceedings{liu2023deepoheat,
  title={DeepOHeat: operator learning-based ultra-fast thermal simulation in 3D-IC design},
  author={Liu, Ziyue and Li, Yixing and Hu, Jing and Yu, Xinling and Shiau, Shinyu and Ai, Xin and Zeng, Zhiyu and Zhang, Zheng},
  booktitle={2023 60th ACM/IEEE Design Automation Conference (DAC)},
  pages={1--6},
  year={2023},
  organization={IEEE}
}

@article{long2024invertible,
  title={Invertible Fourier Neural Operators for Tackling Both Forward and Inverse Problems},
  author={Long, Da and Zhe, Shandian},
  journal={arXiv preprint arXiv:2402.11722},
  year={2024}
}

@article{griewank2000algorithm,
  title={Algorithm 799: revolve: an implementation of checkpointing for the reverse or adjoint mode of computational differentiation},
  author={Griewank, Andreas and Walther, Andrea},
  journal={ACM Transactions on Mathematical Software (TOMS)},
  volume={26},
  number={1},
  pages={19--45},
  year={2000},
  publisher={ACM New York, NY, USA}
}

@article{wang2019deep,
  title={Deep learning in medicineâpromise, progress, and challenges},
  author={Wang, Fei and Casalino, Lawrence Peter and Khullar, Dhruv},
  journal={JAMA internal medicine},
  volume={179},
  number={3},
  pages={293--294},
  year={2019},
  publisher={American Medical Association}
}

@inproceedings{orabi2018deep,
  title={Deep learning for depression detection of twitter users},
  author={Orabi, Ahmed Husseini and Buddhitha, Prasadith and Orabi, Mahmoud Husseini and Inkpen, Diana},
  booktitle={Proceedings of the fifth workshop on computational linguistics and clinical psychology: from keyboard to clinic},
  pages={88--97},
  year={2018}
}

@article{escamilla2020deep,
  title={A deep learning approach to cosmological dark energy models},
  author={Escamilla-Rivera, Celia and Quintero, Maryi A Carvajal and Capozziello, Salvatore},
  journal={Journal of Cosmology and Astroparticle Physics},
  volume={2020},
  number={03},
  pages={008},
  year={2020},
  publisher={IOP Publishing}
}

@inproceedings{mathuriya2018cosmoflow,
  title={CosmoFlow: Using deep learning to learn the universe at scale},
  author={Mathuriya, Amrita and Bard, Deborah and Mendygral, Peter and Meadows, Lawrence and Arnemann, James and Shao, Lei and He, Siyu and K{\"a}rn{\"a}, Tuomas and Moise, Diana and Pennycook, Simon J and others},
  booktitle={SC18: International Conference for High Performance Computing, Networking, Storage and Analysis},
  pages={819--829},
  year={2018},
  organization={IEEE}
}

@article{pfaff2020learning,
  title={Learning mesh-based simulation with graph networks},
  author={Pfaff, Tobias and Fortunato, Meire and Sanchez-Gonzalez, Alvaro and Battaglia, Peter W},
  journal={arXiv preprint arXiv:2010.03409},
  year={2020}
}

@article{wu2020comprehensive,
  title={A comprehensive survey on graph neural networks},
  author={Wu, Zonghan and Pan, Shirui and Chen, Fengwen and Long, Guodong and Zhang, Chengqi and Philip, S Yu},
  journal={IEEE transactions on neural networks and learning systems},
  volume={32},
  number={1},
  pages={4--24},
  year={2020},
  publisher={IEEE}
}

@article{springel2021simulating,
  title={Simulating cosmic structure formation with the GADGET-4 code},
  author={Springel, Volker and Pakmor, R{\"u}diger and Zier, Oliver and Reinecke, Martin},
  journal={Monthly Notices of the Royal Astronomical Society},
  volume={506},
  number={2},
  pages={2871--2949},
  year={2021},
  publisher={Oxford University Press}
}

@article{garrison2021abacus,
  title={The ABACUS cosmological N-body code},
  author={Garrison, Lehman H and Eisenstein, Daniel J and Ferrer, Douglas and Maksimova, Nina A and Pinto, Philip A},
  journal={Monthly Notices of the Royal Astronomical Society},
  volume={508},
  number={1},
  pages={575--596},
  year={2021},
  publisher={Oxford University Press}
}

@article{gopakumar2023fourier,
  title={Fourier-RNNs for modelling noisy physics data},
  author={Gopakumar, Vignesh and Pamela, Stanislas and Zanisi, Lorenzo},
  journal={arXiv preprint arXiv:2302.06534},
  year={2023}
}

@article{djolonga2013high,
  title={High-dimensional gaussian process bandits},
  author={Djolonga, Josip and Krause, Andreas and Cevher, Volkan},
  journal={Advances in neural information processing systems},
  volume={26},
  year={2013}
}

@article{amari1993backpropagation,
  title={Backpropagation and stochastic gradient descent method},
  author={Amari, Shun-ichi},
  journal={Neurocomputing},
  volume={5},
  number={4-5},
  pages={185--196},
  year={1993},
  publisher={Elsevier}
}

@article{wang2014elucid,
  title={ELUCIDâexploring the local universe with the reconstructed initial density field. I. Hamiltonian Markov chain Monte Carlo method with particle mesh dynamics},
  author={Wang, Huiyuan and Mo, HJ and Yang, Xiaohu and Jing, YP and Lin, WP},
  journal={The Astrophysical Journal},
  volume={794},
  number={1},
  pages={94},
  year={2014},
  publisher={IOP Publishing}
}

@article{jindal2023predicting,
  title={Predicting the Initial Conditions of the Universe using a Deterministic Neural Network},
  author={Jindal, Vaibhav and Liang, Albert and Singh, Aarti and Ho, Shirley and Jamieson, Drew},
  journal={arXiv preprint arXiv:2303.13056},
  year={2023}
}

@article{schneider1995power,
  title={The power spectrum of density fluctuations in the Zel'dovich approximation},
  author={Schneider, Peter and Bartelmann, Matthias},
  journal={Monthly Notices of the Royal Astronomical Society},
  volume={273},
  number={2},
  pages={475--483},
  year={1995},
  publisher={Oxford University Press Oxford, UK}
}

@article{prunet2008initial,
  title={Initial conditions for large cosmological simulations},
  author={Prunet, S and Pichon, C and Aubert, D and Pogosyan, D and Teyssier, R and Gottloeber, S},
  journal={The astrophysical journal supplement series},
  volume={178},
  number={2},
  pages={179},
  year={2008},
  publisher={IOP Publishing}
}

@inproceedings{NEURIPS2020_9332c513,
 author = {Moses, William and Churavy, Valentin},
 booktitle = {Advances in Neural Information Processing Systems},
 editor = {H. Larochelle and M. Ranzato and R. Hadsell and M. F. Balcan and H. Lin},
 pages = {12472--12485},
 publisher = {Curran Associates, Inc.},
 title = {Instead of Rewriting Foreign Code for Machine Learning, Automatically Synthesize Fast Gradients},
 url = {https://proceedings.neurips.cc/paper/2020/file/9332c513ef44b682e9347822c2e457ac-Paper.pdf},
 volume = {33},
 year = {2020}
}

@article{koehler2024apebench,
  title={APEBench: A Benchmark for Autoregressive Neural Emulators of PDEs},
  author={Koehler, Felix and Niedermayr, Simon and Westermann, R{\"u}diger and Thuerey, Nils},
  journal={arXiv preprint arXiv:2411.00180},
  year={2024}
}

@article{qian1999momentum,
  title={On the momentum term in gradient descent learning algorithms},
  author={Qian, Ning},
  journal={Neural networks},
  volume={12},
  number={1},
  pages={145--151},
  year={1999},
  publisher={Elsevier}
}

@article{kaplan2020scaling,
  title={Scaling laws for neural language models},
  author={Kaplan, Jared and McCandlish, Sam and Henighan, Tom and Brown, Tom B and Chess, Benjamin and Child, Rewon and Gray, Scott and Radford, Alec and Wu, Jeffrey and Amodei, Dario},
  journal={arXiv preprint arXiv:2001.08361},
  year={2020}
}

@article{brandstetter2022message,
  title={Message passing neural PDE solvers},
  author={Brandstetter, Johannes and Worrall, Daniel and Welling, Max},
  journal={arXiv preprint arXiv:2202.03376},
  year={2022}
}

@article{krishnapriyan2021characterizing,
  title={Characterizing possible failure modes in physics-informed neural networks},
  author={Krishnapriyan, Aditi and Gholami, Amir and Zhe, Shandian and Kirby, Robert and Mahoney, Michael W},
  journal={Advances in neural information processing systems},
  volume={34},
  pages={26548--26560},
  year={2021}
}

@article{murray2018powerbox,
  title={powerbox: A Python package for creating structured fields with isotropic power spectra},
  author={Murray, Steven G},
  journal={arXiv preprint arXiv:1809.05030},
  year={2018}
}

@article{frigo1999fftw,
  title={FFTW userâs manual},
  author={Frigo, Matteo and Johnson, Steven G},
  journal={Massachusetts Institute of Technology},
  year={1999}
}

@misc{machinelearningsimulation,
author = {Felix KÃ¶hler},
title = {All the handwritten notes and source code files used in my YouTube Videos on Machine Learning and Simulation},
url = {https://github.com/Ceyron/machine-learning-and-simulation/},
}

@misc{kossaifi2024neural,
   title={A Library for Learning Neural Operators},
   author={Jean Kossaifi and Nikola Kovachki and
   Zongyi Li and Davit Pitt and
   Miguel Liu-Schiaffini and Robert Joseph George and
   Boris Bonev and Kamyar Azizzadenesheli and
   Julius Berner and Anima Anandkumar},
   year={2024},
   eprint={2412.10354},
   archivePrefix={arXiv},
   primaryClass={cs.LG}
}

@article{hut1995building,
  title={Building a better leapfrog},
  author={Hut, Piet and Makino, Jun and McMillan, Steve},
  journal={Astrophysical Journal, Part 2-Letters (ISSN 0004-637X), vol. 443, no. 2, p. L93-L96},
  volume={443},
  pages={L93--L96},
  year={1995}
}


@inproceedings{enzyme1,
 author = {Moses, William and Churavy, Valentin},
 booktitle = {Advances in Neural Information Processing Systems},
 editor = {H. Larochelle and M. Ranzato and R. Hadsell and M. F. Balcan and H. Lin},
 pages = {12472--12485},
 publisher = {Curran Associates, Inc.},
 title = {Instead of Rewriting Foreign Code for Machine Learning, Automatically Synthesize Fast Gradients},
 url = {https://proceedings.neurips.cc/paper/2020/file/9332c513ef44b682e9347822c2e457ac-Paper.pdf},
 volume = {33},
 year = {2020}
}
@inproceedings{enzyme2,
author = {Moses, William S. and Churavy, Valentin and Paehler, Ludger and H\"{u}ckelheim, Jan and Narayanan, Sri Hari Krishna and Schanen, Michel and Doerfert, Johannes},
title = {Reverse-Mode Automatic Differentiation and Optimization of GPU Kernels via Enzyme},
year = {2021},
isbn = {9781450384421},
publisher = {Association for Computing Machinery},
address = {New York, NY, USA},
url = {https://doi.org/10.1145/3458817.3476165},
doi = {10.1145/3458817.3476165},
booktitle = {Proceedings of the International Conference for High Performance Computing, Networking, Storage and Analysis},
articleno = {61},
numpages = {16},
keywords = {CUDA, LLVM, ROCm, HPC, AD, GPU, automatic differentiation},
location = {St. Louis, Missouri},
series = {SC '21}
}
@inproceedings{enzyme3,
author = {Moses, William S. and Narayanan, Sri Hari Krishna and Paehler, Ludger and Churavy, Valentin and Schanen, Michel and H\"{u}ckelheim, Jan and Doerfert, Johannes and Hovland, Paul},
title = {Scalable Automatic Differentiation of Multiple Parallel Paradigms through Compiler Augmentation},
year = {2022},
isbn = {9784665454445},
publisher = {IEEE Press},
booktitle = {Proceedings of the International Conference on High Performance Computing, Networking, Storage and Analysis},
articleno = {60},
numpages = {18},
keywords = {automatic differentiation, tasks, OpenMP, compiler, Julia, parallel, Enzyme, C++, RAJA, hybrid parallelization, MPI, distributed, LLVM},
location = {Dallas, Texas},
series = {SC '22}
}

@article{chen2018neural,
  title={Neural ordinary differential equations},
  author={Chen, Ricky TQ and Rubanova, Yulia and Bettencourt, Jesse and Duvenaud, David K},
  journal={Advances in neural information processing systems},
  volume={31},
  year={2018}
}

@article{gauthier2014conditional,
  title={Conditional generative adversarial nets for convolutional face generation},
  author={Gauthier, Jon},
  journal={Class project for Stanford CS231N: convolutional neural networks for visual recognition, Winter semester},
  volume={2014},
  number={5},
  pages={2},
  year={2014}
}

@inproceedings{denoising,
 author = {Ho, Jonathan and Jain, Ajay and Abbeel, Pieter},
 booktitle = {Advances in Neural Information Processing Systems},
 editor = {H. Larochelle and M. Ranzato and R. Hadsell and M.F. Balcan and H. Lin},
 pages = {6840--6851},
 publisher = {Curran Associates, Inc.},
 title = {Denoising Diffusion Probabilistic Models},
 url = {https://proceedings.neurips.cc/paper_files/paper/2020/file/4c5bcfec8584af0d967f1ab10179ca4b-Paper.pdf},
 volume = {33},
 year = {2020}
}
